% SPADI
@article{spadi2006,
  title     = {Shoulder Pain and Disability Index (SPADI)},
  author    = {{Journal of Orthopaedic Trauma}},
  journal   = {Journal of Orthopaedic Trauma},
  volume    = {20},
  number    = {Supplement},
  pages     = {S134},
  year      = {2006},
  month     = sep,
  doi       = {10.1097/00005131-200609001-00044}
}

% ASES
@article{richards1994,
  author    = {R. R. Richards and B. R. An and D. B. Bigliani and G. R. Friedman and W. H. Gartsman and S. Iannotti and R. M. Matsen and G. R. Sidles and E. H. Zuckerman},
  title     = {A standardized method for the assessment of shoulder function},
  journal   = {Journal of Shoulder and Elbow Surgery},
  volume    = {3},
  number    = {6},
  pages     = {347--352},
  year      = {1994},
  month     = nov,
  doi       = {10.1016/s1058-2746(09)80019-0}
}

% CM
@article{constant1987,
  author    = {C. R. Constant and A. H. Murley},
  title     = {A Clinical Method of Functional Assessment of the Shoulder},
  journal   = {Clinical Orthopaedics and Related Research},
  year      = {1987},
  volume    = {214},
  pages     = {160--164},
  month     = jan,
  publisher = {Lippincott Williams \& Wilkins},
  note      = {Accessed: 2025-03-12}
}

% testing
@article{angst2011,
  author    = {F. Angst and H.-K. Schwyzer and A. Aeschlimann and B. R. Simmen and J. Goldhahn},
  title     = {Measures of Adult Shoulder Function: Disabilities of the Arm, Shoulder, and Hand Questionnaire (DASH) and Its Short Version (QuickDASH), Shoulder Pain and Disability Index (SPADI), American Shoulder and Elbow Surgeons (ASES) Society Standardized Shoulder},
  journal   = {Arthritis Care \& Research},
  volume    = {63},
  number    = {S11},
  pages     = {S174--S188},
  year      = {2011},
  month     = nov,
  doi       = {10.1002/acr.20630}
}
% OSS
@article{dawson1996,
  author    = {J. Dawson and R. Fitzpatrick and A. Carr},
  title     = {Questionnaire on the Perceptions of Patients About Shoulder Surgery},
  journal   = {The Journal of Bone and Joint Surgery. British Volume},
  volume    = {78-B},
  number    = {4},
  pages     = {593--600},
  year      = {1996},
  month     = jul,
  doi       = {10.1302/0301-620x.78b4.0780593}
}